@article{Sethian:1996aa,
  Author =		 {Sethian, James A},
  Journal =		 {Proceedings of the National Academy of Sciences},
  Number =		 {4},
  Pages =		 {1591--1595},
  Title =		 {A fast marching level set method for monotonically
                  advancing fronts},
  Volume =		 {93},
  Year =		 {1996}
}

@book{Popov:2002aa,
  Author =		 {Popov, Mikhail Mikhailovich},
  Publisher =	 {{EDUFBA}},
  Title =		 {Ray theory and {Gaussian} beam method for
                  geophysicists},
  Year =		 {2002}
}

@article{Sethian:1999ac,
  Author =		 {Sethian, James A},
  Journal =		 {SIAM review},
  Number =		 {2},
  Pages =		 {199--235},
  Title =		 {Fast marching methods},
  Volume =		 {41},
  Year =		 {1999}
}

@book{Sethian:1999ab,
  Author =		 {Sethian, James A},
  Publisher =	 {Cambridge University Press},
  Title =		 {Level set methods and fast marching methods:
                  evolving interfaces in computational geometry, fluid
                  mechanics, computer vision, and materials science},
  Volume =		 {3},
  Year =		 {1999}
}

@article{Zhao:2005aa,
  Author =		 {Zhao, Hongkai},
  Journal =		 {Mathematics of computation},
  Number =		 {250},
  Pages =		 {603--627},
  Title =		 {A fast sweeping method for eikonal equations},
  Volume =		 {74},
  Year =		 {2005}
}

@article{Qi:2019aa,
  Author =		 {Qi, Dongping and Vladimirsky, Alexander},
  Journal =		 {Journal of Scientific Computing},
  Number =		 {3},
  Pages =		 {1456--1476},
  Title =		 {Corner cases, singularities, and dynamic factoring},
  Volume =		 {79},
  Year =		 {2019}
}

@article{Tsitsiklis:1995aa,
  Author =		 {Tsitsiklis, John N},
  Journal =		 {IEEE Transactions on Automatic Control},
  Number =		 {9},
  Pages =		 {1528--1538},
  Title =		 {Efficient algorithms for globally optimal
                  trajectories},
  Volume =		 {40},
  Year =		 {1995}
}

@article{Sethian:2003aa,
  Author =		 {Sethian, James A and Vladimirsky, Alexander},
  Journal =		 {SIAM Journal on Numerical Analysis},
  Number =		 {1},
  Pages =		 {325--363},
  Title =		 {Ordered upwind methods for static {Hamilton--Jacobi}
                  equations: theory and algorithms},
  Volume =		 {41},
  Year =		 {2003}
}

@article{Zhang:2006aa,
  Author =		 {Zhang, Yong-Tao and Zhao, Hong-Kai and Qian,
                  Jianliang},
  Journal =		 {Journal of Scientific Computing},
  Number =		 {1},
  Pages =		 {25--56},
  Title =		 {High order fast sweeping methods for static
                  {Hamilton}-{Jacobi} equations},
  Volume =		 {29},
  Year =		 {2006}
}

@article{Nave:2010aa,
  Author =		 {Nave, Jean-Christophe and Rosales, Rodolfo Ruben and
                  Seibold, Benjamin},
  Journal =		 {Journal of Computational Physics},
  Number =		 {10},
  Pages =		 {3802--3827},
  Title =		 {A gradient-augmented level set method with an
                  optimally local, coherent advection scheme},
  Volume =		 {229},
  Year =		 {2010}
}

@article{Seibold:2011aa,
  Author =		 {Seibold, Benjamin and Nave, Jean-Christophe and
                  Rosales, Rodolfo Ruben},
  Journal =		 {arXiv preprint arXiv:1101.5374},
  Title =		 {Jet schemes for advection problems},
  Year =		 {2011}
}

@article{Bornemann:2006aa,
  Author =		 {Bornemann, Folkmar and Rasch, Christian},
  Journal =		 {Computing and Visualization in Science},
  Number =		 {2},
  Pages =		 {57--69},
  Title =		 {Finite-element discretization of static
                  Hamilton-Jacobi equations based on a local
                  variational principle},
  Volume =		 {9},
  Year =		 {2006}
}

@article{Chacon:2012aa,
  Author =		 {Chacon, A. and Vladimirsky, A.},
  Journal =		 {SIAM Journal on Scientific Computing},
  Number =		 {2},
  Pages =		 {A547--A578},
  Title =		 {Fast two-scale methods for eikonal equations},
  Volume =		 {34},
  Year =		 {2012}
}

@article{Gomez:2019aa,
  Author =		 {G{\'o}mez, Javier V and Alvarez, David and Garrido,
                  Santiago and Moreno, Luis},
  Journal =		 {IEEE Access},
  Title =		 {Fast methods for eikonal equations: an experimental
                  survey},
  Year =		 {2019}
}

@book{Prenter:2008aa,
  Author =		 {Prenter, Paddy M and others},
  Publisher =	 {Courier Corporation},
  Title =		 {Splines and variational methods},
  Year =		 {2008}
}

@book{Shilov:1971aa,
  Author =		 {Shilov, Georgy Evgen'evich and Silverman, Richard A},
  Publisher =	 {Prentice-Hall},
  Title =		 {Linear Algebra},
  Year =		 {1971}
}

@article{Kimmel:1998aa,
  Author =		 {Kimmel, Ron and Sethian, James A},
  Journal =		 {Proceedings of the national academy of Sciences},
  Number =		 {15},
  Pages =		 {8431--8435},
  Title =		 {Computing geodesic paths on manifolds},
  Volume =		 {95},
  Year =		 {1998}
}

@article{Sethian:2000aa,
  Author =		 {Sethian, James A and Vladimirsky, Alexander},
  Journal =		 {Proceedings of the National Academy of Sciences},
  Number =		 {11},
  Pages =		 {5699--5703},
  Title =		 {Fast methods for the {Eikonal} and related
                  {Hamilton}--{Jacobi} equations on unstructured
                  meshes},
  Volume =		 {97},
  Year =		 {2000}
}

@article{Potter:2019ab,
  Author =		 {Potter, Samuel F. and Cameron, Maria K.},
  Journal =		 {Journal of Scientific Computing},
  Number =		 {3},
  Pages =		 {2010--2050},
  Title =		 {Ordered Line Integral Methods for Solving the
                  Eikonal Equation},
  Volume =		 {81},
  Year =		 {2019}
}

@article{Yang:2019aa,
	Author = {Yang, Shuo and Potter, Samuel F and Cameron, Maria K},
	Journal = {Journal of Computational Physics},
	Pages = {325--350},
	Title = {Computing the quasipotential for nongradient {SDEs} in {3D}},
	Volume = {379},
	Year = {2019}}

@article{Floater:2006aa,
  Author =		 {Floater, Michael S},
  Journal =		 {IMA Journal of Numerical Analysis},
  Number =		 {1},
  Pages =		 {25--33},
  Title =		 {Chordal cubic spline interpolation is fourth-order
                  accurate},
  Volume =		 {26},
  Year =		 {2006}
}

@article{Neidinger:2010aa,
  Author =		 {Neidinger, Richard D},
  Journal =		 {SIAM review},
  Number =		 {3},
  Pages =		 {545--563},
  Title =		 {Introduction to automatic differentiation and MATLAB
                  object-oriented programming},
  Volume =		 {52},
  Year =		 {2010}
}

@book{Griewank:2008aa,
  Author =		 {Griewank, Andreas and Walther, Andrea},
  Publisher =	 {Siam},
  Title =		 {Evaluating derivatives: principles and techniques of
                  algorithmic differentiation},
  Volume =		 {105},
  Year =		 {2008}
}

@book{Absil:2009aa,
  Author =		 {Absil, P-A and Mahony, Robert and Sepulchre,
                  Rodolphe},
  Publisher =	 {Princeton University Press},
  Title =		 {Optimization algorithms on matrix manifolds},
  Year =		 {2009}
}

@article{Fomel:2009aa,
  Author =		 {Fomel, Sergey and Luo, Songting and Zhao, Hongkai},
  Journal =		 {Journal of Computational Physics},
  Number =		 {17},
  Pages =		 {6440--6455},
  Title =		 {Fast sweeping method for the factored eikonal
                  equation},
  Volume =		 {228},
  Year =		 {2009}
}

@article{Luo:2014aa,
  Author =		 {Luo, Songting and Qian, Jianliang and Burridge,
                  Robert},
  Journal =		 {SIAM Journal on Numerical Analysis},
  Number =		 {1},
  Pages =		 {23--44},
  Title =		 {High-order factorization based high-order hybrid
                  fast sweeping methods for point-source eikonal
                  equations},
  Volume =		 {52},
  Year =		 {2014}
}

@article{Benamou:1996aa,
  Author =		 {Benamou, Jean-David},
  Journal =		 {Journal of Computational Physics},
  Number =		 {2},
  Pages =		 {463--474},
  Title =		 {Big ray tracing: Multivalued travel time field
                  computation using viscosity solutions of the eikonal
                  equation},
  Volume =		 {128},
  Year =		 {1996}
}

@article{Benamou:2003aa,
  Author =		 {Benamou, Jean-David},
  Journal =		 {Journal of scientific computing},
  Number =		 {1-3},
  Pages =		 {63--93},
  Title =		 {An introduction to Eulerian geometrical optics
                  (1992--2002)},
  Volume =		 {19},
  Year =		 {2003}
}

@book{Farin:2014aa,
  Author =		 {Farin, Gerald},
  Publisher =	 {Elsevier},
  Title =		 {Curves and surfaces for computer-aided geometric
                  design: a practical guide},
  Year =		 {2014}
}

@article{Brunet:1985aa,
  Author =		 {Brunet, Pere},
  Journal =		 {Computer Aided Geometric Design},
  Number =		 {1-3},
  Pages =		 {157--164},
  Title =		 {Increasing the smoothness of bicubic spline
                  surfaces},
  Volume =		 {2},
  Year =		 {1985}
}

@article{Hagen:1987aa,
  Author =		 {Hagen, Hans and Schulze, Guido},
  Journal =		 {Computer Aided Geometric Design},
  Number =		 {3},
  Pages =		 {231--235},
  Title =		 {Automatic smoothing with geometric surface patches},
  Volume =		 {4},
  Year =		 {1987}
}

@book{Stoer:2013aa,
  Author =		 {Stoer, J. and Bulirsch, R.},
  Publisher =	 {Springer Science \& Business Media},
  Title =		 {Introduction to numerical analysis},
  Volume =		 {12},
  Year =		 {2013}
}

@article{Raghuvanshi:2014aa,
  Author =		 {Raghuvanshi, Nikunj and Snyder, John},
  Journal =		 {ACM Transactions on Graphics (TOG)},
  Number =		 {4},
  Pages =		 {38},
  Title =		 {Parametric wave field coding for precomputed sound
                  propagation},
  Volume =		 {33},
  Year =		 {2014}
}

@article{Raghuvanshi:2018aa,
  Author =		 {Raghuvanshi, Nikunj and Snyder, John},
  Journal =		 {ACM Transactions on Graphics (TOG)},
  Number =		 {4},
  Pages =		 {108},
  Title =		 {Parametric directional coding for precomputed sound
                  propagation},
  Volume =		 {37},
  Year =		 {2018}
}

@article{Savioja:2015aa,
  Author =		 {Savioja, Lauri and Svensson, U Peter},
  Journal =		 {The Journal of the Acoustical Society of America},
  Number =		 {2},
  Pages =		 {708--730},
  Title =		 {Overview of geometrical room acoustic modeling
                  techniques},
  Volume =		 {138},
  Year =		 {2015}
}

@article{Nicodemus:1965aa,
  Author =		 {Nicodemus, Fred E},
  Journal =		 {Applied optics},
  Number =		 {7},
  Pages =		 {767--775},
  Title =		 {Directional reflectance and emissivity of an opaque
                  surface},
  Volume =		 {4},
  Year =		 {1965}
}

@article{Schissler:2014aa,
  Author =		 {Schissler, Carl and Mehra, Ravish and Manocha,
                  Dinesh},
  Journal =		 {ACM Transactions on Graphics (TOG)},
  Number =		 {4},
  Pages =		 {39},
  Title =		 {High-order diffraction and diffuse reflections for
                  interactive sound propagation in large environments},
  Volume =		 {33},
  Year =		 {2014}
}

@article{Keller:1962aa,
  Author =		 {Keller, Joseph B},
  Journal =		 {JOSA},
  Number =		 {2},
  Pages =		 {116--130},
  Title =		 {Geometrical theory of diffraction},
  Volume =		 {52},
  Year =		 {1962}
}

@article{Kouyoumjian:1974aa,
  Author =		 {Kouyoumjian, Robert G and Pathak, Prabhakar H},
  Journal =		 {Proceedings of the IEEE},
  Number =		 {11},
  Pages =		 {1448--1461},
  Title =		 {A uniform geometrical theory of diffraction for an
                  edge in a perfectly conducting surface},
  Volume =		 {62},
  Year =		 {1974}
}


@article{Benamou:1996aa,
  Author =		 {Benamou, Jean-David},
  Journal =		 {Journal of Computational Physics},
  Number =		 {2},
  Pages =		 {463--474},
  Title =		 {Big ray tracing: Multivalued travel time field
                  computation using viscosity solutions of the eikonal
                  equation},
  Volume =		 {128},
  Year =		 {1996}
}

@article{Benamou:2003aa,
  Author =		 {Benamou, Jean-David},
  Journal =		 {Journal of scientific computing},
  Number =		 {1-3},
  Pages =		 {63--93},
  Title =		 {An introduction to Eulerian geometrical optics
                  (1992--2002)},
  Volume =		 {19},
  Year =		 {2003}
}

@article{Versteeg:1994aa,
  Author =		 {Versteeg, Roelof},
  Journal =		 {The Leading Edge},
  Number =		 {9},
  Pages =		 {927--936},
  Title =		 {The Marmousi experience: Velocity model
                  determination on a synthetic complex data set},
  Volume =		 {13},
  Year =		 {1994}
}

@article{Benamou:1997aa,
  Author =		 {Benamou, Jean-David},
  Title =		 {Multivalued solution and viscosity solutions of the
                  Eikonal equation},
  Year =		 {1997}
}
